<record><leader>00000cas a22000007a 4500</leader><controlfield tag="001">15069750</controlfield><controlfield tag="008">870114d19161929txuwr ne      0    0eng d</controlfield><datafield ind1=" " ind2=" " tag="010"><subfield code="a">sn 86090707 </subfield></datafield><datafield ind1=" " ind2=" " tag="040"><subfield code="a">PPM</subfield><subfield code="b">eng</subfield><subfield code="c">PPM</subfield><subfield code="d">OCLCQ</subfield></datafield><datafield ind1=" " ind2=" " tag="042"><subfield code="a">msc</subfield></datafield><datafield ind1="0" ind2="4" tag="245"><subfield code="a">The Honey Grove citizen.</subfield></datafield><datafield ind1=" " ind2=" " tag="260"><subfield code="a">Honey Grove, Tex. :</subfield><subfield code="b">J.D. Moyer,</subfield><subfield code="c">1916-1929.</subfield></datafield><datafield ind1=" " ind2=" " tag="310"><subfield code="a">Weekly</subfield></datafield><datafield ind1="0" ind2=" " tag="362"><subfield code="a">Vol. 44, no. 31 (Jan. 7, 1916)-v. 38, no. 51 (Jan. 25, 1929).</subfield></datafield><datafield ind1=" " ind2=" " tag="580"><subfield code="a">Merged with: Honey Grove signal, to form: Honey Grove signal-citizen.</subfield></datafield><datafield ind1=" " ind2=" " tag="752"><subfield code="a">United States</subfield><subfield code="b">Texas</subfield><subfield code="c">Fannin</subfield><subfield code="d">Honey Grove.</subfield></datafield><datafield ind1="0" ind2="0" tag="780"><subfield code="t">Weekly Texas citizen</subfield><subfield code="w">(OCoLC)15069686</subfield></datafield><datafield ind1="1" ind2="7" tag="785"><subfield code="t">Honey Grove signal</subfield></datafield><datafield ind1="1" ind2="7" tag="785"><subfield code="t">Honey Grove signal-citizen</subfield></datafield></record>